
@Book{LaTeX2e,
author = {Львовский, С. М.},
title = {Набор и верстка в системе LaTeX},
publisher =  {Московский центр непрерывного математического образования},
address = {Москва},
year = {2003},
numpages = {448}
}

@article{Vybegallo,
 author = {Vybegallo, A. A. and A. A. Vybegallo},
 journal = {Vestnik NII CHAVO},
 year = {2222},
 pages = {1--111},
 title = {About Reverse Analysis of Gorilla Language},
 number = {0},
 language = {english}
}

@misc{Normcor,
title = {ПРИЛОЖЕНИЕ 1 к положению
<<О нормоконтроле, размещении текстов в электронно-библиотечной системе и проверке
на объем заимствования выпускных квалификационных работ бакалавров>>},
publisher = {МГТУ им. Н.Э. Баумана},
url = {https://mf.bmstu.ru/info/uu/ot/norm\_docs/docs/polozhenie\_normcontrol\_pril1.pdf},
annote = {дата обращения: 20.07.2021}
}

@misc{Stackexchange,
title = {StackExchange [Электронный ресурс]},
url = {https://tex.stackexchange.com/},
annote = {дата обращения: 22.07.2021}
}


